<record><leader>00000cas a22000007a 4500</leader><controlfield tag="001">11285276</controlfield><controlfield tag="008">841019c18689999wiuwr ne      0   a0eng d</controlfield><datafield ind1=" " ind2=" " tag="010"><subfield code="a">sn 84000054 </subfield></datafield><datafield ind1=" " ind2=" " tag="040"><subfield code="a">NSD</subfield><subfield code="b">eng</subfield><subfield code="c">NSD</subfield><subfield code="d">NPV</subfield><subfield code="d">NVF</subfield><subfield code="d">CRL</subfield><subfield code="d">OCLCQ</subfield><subfield code="d">OCLCF</subfield><subfield code="d">WIH</subfield></datafield><datafield ind1=" " ind2=" " tag="012"><subfield code="l">1</subfield><subfield code="m">1</subfield></datafield><datafield ind1=" " ind2=" " tag="019"><subfield code="a">11632260</subfield></datafield><datafield ind1="1" ind2=" " tag="022"><subfield code="a">8755-3244</subfield><subfield code="l">8755-3244</subfield></datafield><datafield ind1=" " ind2=" " tag="032"><subfield code="a">432140</subfield><subfield code="b">USPS</subfield></datafield><datafield ind1=" " ind2=" " tag="037"><subfield code="b">Pierce County Herald, Box 278, Ellsworth, WI 54011</subfield></datafield><datafield ind1=" " ind2=" " tag="042"><subfield code="a">nsdp</subfield><subfield code="a">msc</subfield></datafield><datafield ind1=" " ind2=" " tag="043"><subfield code="a">n-us-wi</subfield></datafield><datafield ind1=" " ind2=" " tag="045"><subfield code="a">w6--</subfield></datafield><datafield ind1=" " ind2=" " tag="052"><subfield code="a">4123</subfield><subfield code="b">P5</subfield></datafield><datafield ind1="0" ind2=" " tag="130"><subfield code="a">Pierce County herald (Ellsworth, Wis.)</subfield></datafield><datafield ind1=" " ind2="0" tag="222"><subfield code="a">Pierce County herald</subfield><subfield code="b">(Ellsworth, Wis.)</subfield></datafield><datafield ind1="1" ind2="0" tag="245"><subfield code="a">Pierce County herald.</subfield></datafield><datafield ind1="3" ind2="0" tag="246"><subfield code="a">Pierce herald</subfield></datafield><datafield ind1=" " ind2=" " tag="260"><subfield code="a">Ellsworth, Wis. :</subfield><subfield code="b">G.W. &amp; M.B. Kimball,</subfield><subfield code="c">1868-</subfield></datafield><datafield ind1=" " ind2=" " tag="300"><subfield code="a">v. :</subfield><subfield code="b">ill.</subfield></datafield><datafield ind1=" " ind2=" " tag="310"><subfield code="a">Weekly</subfield></datafield><datafield ind1="0" ind2=" " tag="362"><subfield code="a">Vol. 1, no. 1 (Jan. 16, 1868)-</subfield></datafield><datafield ind1=" " ind2=" " tag="500"><subfield code="a">"County" appears above masthead ornament, Jan. 7, 1874-&lt;Dec. 30, 1874&gt;</subfield></datafield><datafield ind1=" " ind2=" " tag="500"><subfield code="a">Publisher varies.</subfield></datafield><datafield ind1=" " ind2=" " tag="500"><subfield code="a">Editors: G.W. &amp; M.B. Kimball, Jan. 16, 1868-Jan. 7, 1869; M.B. Kimball, Jan. 14, 1869-May 20, 1869; M.B. Kimball &amp; D.W. Woodworth, May 27, 1869-July 6, 1871; M.B. Kimball &amp; C.R. Morse, July 13, 1871-Nov. 20, 1872; G.W. and M.B. Kimball, Nov. 28, 1872-March 25, 1874; G.W. Kimball, April 1, 1874-June 16, 1875; M.B. Kimball, June 23, 1875-Sept. 29, 1875; M.B. Kimball &amp; E.F. Case, Oct. 6, 1875-Feb. 21, 1877; E.F. Case &amp; E.S. Doolittle, Feb. 28, 1877-Dec. 31, 1879; J. &amp; S. Griggs, Feb. 10, 1983-May 2, 1984; J. Griggs, May 9, 1984-Oct. 24, 1984; S. Dzubay, Oct. 31, 1984-</subfield></datafield><datafield ind1=" " ind2=" " tag="525"><subfield code="a">Supplements accompany some issues.</subfield></datafield><datafield ind1=" " ind2=" " tag="530"><subfield code="a">Available on microfilm from The State Historical Society of Wisconsin.</subfield></datafield><datafield ind1=" " ind2="0" tag="651"><subfield code="a">Pierce County (Wis.)</subfield><subfield code="v">Newspapers.</subfield></datafield><datafield ind1=" " ind2="0" tag="651"><subfield code="a">Ellsworth (Wis.)</subfield><subfield code="v">Newspapers.</subfield></datafield><datafield ind1=" " ind2="7" tag="651"><subfield code="a">Wisconsin</subfield><subfield code="z">Ellsworth.</subfield><subfield code="2">fast</subfield><subfield code="0">(OCoLC)fst01254724</subfield></datafield><datafield ind1=" " ind2="7" tag="651"><subfield code="a">Wisconsin</subfield><subfield code="z">Pierce County.</subfield><subfield code="2">fast</subfield><subfield code="0">(OCoLC)fst01207951</subfield></datafield><datafield ind1=" " ind2="7" tag="655"><subfield code="a">Newspapers.</subfield><subfield code="2">fast</subfield><subfield code="0">(OCoLC)fst01423814</subfield></datafield><datafield ind1=" " ind2=" " tag="752"><subfield code="a">United States</subfield><subfield code="b">Wisconsin</subfield><subfield code="c">Pierce</subfield><subfield code="d">Ellsworth.</subfield></datafield><datafield ind1="0" ind2="5" tag="780"><subfield code="t">Prescott journal</subfield><subfield code="w">(DLC)sn 85033221</subfield><subfield code="w">(OCoLC)11774675</subfield></datafield><datafield ind1="1" ind2=" " tag="029"><subfield code="a">AU@</subfield><subfield code="b">000021576633</subfield></datafield></record>